@inproceedings{paper,
  title={A BERT-Based Transfer Learning Approach for Hate Speech Detection in Online Social Media},
  author={Marzieh Mozafari and Reza Farahbakhsh and No{\"e}l Crespi},
  booktitle={COMPLEX NETWORKS},
  year={2019}
}
@inproceedings{ref2,
  title={Hateful Symbols or Hateful People? Predictive Features for Hate Speech Detection on Twitter},
  author={Zeerak Waseem and Dirk Hovy},
  booktitle={NAACL},
  year={2016}
}
@inproceedings{ref3,
  title={Bridging the Gaps: Multi Task Learning for Domain Transfer of Hate Speech Detection},
  author={Zeerak Waseem and James Thorne and Joachim Bingel},
  year={2018}
}

@inproceedings{ref1,
  title={Automated Hate Speech Detection and the Problem of Offensive Language},
  author={Thomas Davidson and Dana Warmsley and Michael W. Macy and Ingmar Weber},
  booktitle={ICWSM},
  year={2017}
}

@inproceedings{mroczkowski-etal-2021-herbert,
    title = "{H}er{BERT}: Efficiently Pretrained Transformer-based Language Model for {P}olish",
    author = "Mroczkowski, Robert  and
      Rybak, Piotr  and
      Wr{\'o}blewska, Alina  and
      Gawlik, Ireneusz",
    booktitle = "Proceedings of the 8th Workshop on Balto-Slavic Natural Language Processing",
    month = apr,
    year = "2021",
    address = "Kiyv, Ukraine",
    publisher = "Association for Computational Linguistics",
    url = "https://www.aclweb.org/anthology/2021.bsnlp-1.1",
    pages = "1--10",
}

@InProceedings{ptaszynski2019results,
title={Results of the PolEval 2019 Shared Task 6: First Dataset and Open Shared Task for Automatic Cyberbullying Detection in Polish Twitter},
author={Ptaszynski, Michal and Pieciukiewicz, Agata and Dyba{\l}a, Pawe{\l}},
journal={Proceedings of the PolEval 2019 Workshop},
publisher={Institute of Computer Science, Polish Academy of Sciences},
pages={89},
year={2019}
}

@InProceedings{dadas2020pretraining,
  title="Pre-training Polish Transformer-Based Language Models at Scale",
  author="Dadas, S{\l}awomir and Pere{\l}kiewicz, Micha{\l} and Po{\'{s}}wiata, Rafa{\l}",
  booktitle="Artificial Intelligence and Soft Computing",
  year="2020",
  publisher="Springer International Publishing",
  pages="301--314",
  isbn="978-3-030-61534-5"
}

@proceedings{poleval,
  editor    = {Maciej Ogrodniczuk and Łukasz Kobyliński},
  title     = {{Proceedings of the PolEval 2019 Workshop}},
  year      = {2019},
  address   = {Warsaw, Poland},
  publisher = {Institute of Computer Science, Polish Academy of Sciences},
  url       = {http://2019.poleval.pl/files/poleval2019.pdf}
}